%YAML 1.1
%TAG !u! tag:unity3d.com,2011:
--- !u!1 &1900408338
GameObject:
  m_ObjectHideFlags: 0
  m_CorrespondingSourceObject: {fileID: 0}
  m_PrefabInstance: {fileID: 0}
  m_PrefabAsset: {fileID: 0}
  serializedVersion: 6
  m_Component:
  - component: {fileID: 1900408339}
  m_Layer: 14
  m_Name: GranadePoint
  m_TagString: Untagged
  m_Icon: {fileID: 0}
  m_NavMeshLayer: 0
  m_StaticEditorFlags: 0
  m_IsActive: 1
--- !u!4 &1900408339
Transform:
  m_ObjectHideFlags: 0
  m_CorrespondingSourceObject: {fileID: 0}
  m_PrefabInstance: {fileID: 0}
  m_PrefabAsset: {fileID: 0}
  m_GameObject: {fileID: 1900408338}
  m_LocalRotation: {x: -0, y: -0, z: -0, w: 1}
  m_LocalPosition: {x: 0, y: 0.45699978, z: 0.77400005}
  m_LocalScale: {x: 1, y: 1, z: 1}
  m_Children: []
  m_Father: {fileID: 5279928219973635154}
  m_RootOrder: 1
  m_LocalEulerAnglesHint: {x: 0, y: 0, z: 0}
--- !u!1 &5279928219973635151
GameObject:
  m_ObjectHideFlags: 0
  m_CorrespondingSourceObject: {fileID: 0}
  m_PrefabInstance: {fileID: 0}
  m_PrefabAsset: {fileID: 0}
  serializedVersion: 6
  m_Component:
  - component: {fileID: 5279928219973635154}
  - component: {fileID: 5279928219973635155}
  - component: {fileID: 5279928219973635148}
  - component: {fileID: 5279928219973635150}
  - component: {fileID: 5279928219973635153}
  - component: {fileID: 5279928219973635149}
  - component: {fileID: 282613855}
  m_Layer: 14
  m_Name: Player
  m_TagString: Player
  m_Icon: {fileID: 0}
  m_NavMeshLayer: 0
  m_StaticEditorFlags: 0
  m_IsActive: 1
--- !u!4 &5279928219973635154
Transform:
  m_ObjectHideFlags: 0
  m_CorrespondingSourceObject: {fileID: 0}
  m_PrefabInstance: {fileID: 0}
  m_PrefabAsset: {fileID: 0}
  m_GameObject: {fileID: 5279928219973635151}
  m_LocalRotation: {x: 0, y: 0, z: 0, w: 1}
  m_LocalPosition: {x: 0.045, y: 0.894, z: 1.445}
  m_LocalScale: {x: 1, y: 0.69, z: 1}
  m_Children:
  - {fileID: 5279928219700822290}
  - {fileID: 1900408339}
  - {fileID: 5279928218956872494}
  m_Father: {fileID: 0}
  m_RootOrder: 0
  m_LocalEulerAnglesHint: {x: 0, y: 0, z: 0}
--- !u!33 &5279928219973635155
MeshFilter:
  m_ObjectHideFlags: 0
  m_CorrespondingSourceObject: {fileID: 0}
  m_PrefabInstance: {fileID: 0}
  m_PrefabAsset: {fileID: 0}
  m_GameObject: {fileID: 5279928219973635151}
  m_Mesh: {fileID: 10208, guid: 0000000000000000e000000000000000, type: 0}
--- !u!23 &5279928219973635148
MeshRenderer:
  m_ObjectHideFlags: 0
  m_CorrespondingSourceObject: {fileID: 0}
  m_PrefabInstance: {fileID: 0}
  m_PrefabAsset: {fileID: 0}
  m_GameObject: {fileID: 5279928219973635151}
  m_Enabled: 1
  m_CastShadows: 1
  m_ReceiveShadows: 1
  m_DynamicOccludee: 1
  m_MotionVectors: 1
  m_LightProbeUsage: 1
  m_ReflectionProbeUsage: 1
  m_RenderingLayerMask: 1
  m_RendererPriority: 0
  m_Materials:
  - {fileID: 2100000, guid: 4f209c79c1058434eb3ae238dd67ffe0, type: 2}
  m_StaticBatchInfo:
    firstSubMesh: 0
    subMeshCount: 0
  m_StaticBatchRoot: {fileID: 0}
  m_ProbeAnchor: {fileID: 0}
  m_LightProbeVolumeOverride: {fileID: 0}
  m_ScaleInLightmap: 1
  m_PreserveUVs: 0
  m_IgnoreNormalsForChartDetection: 0
  m_ImportantGI: 0
  m_StitchLightmapSeams: 0
  m_SelectedEditorRenderState: 3
  m_MinimumChartSize: 4
  m_AutoUVMaxDistance: 0.5
  m_AutoUVMaxAngle: 89
  m_LightmapParameters: {fileID: 0}
  m_SortingLayerID: 0
  m_SortingLayer: 0
  m_SortingOrder: 0
--- !u!54 &5279928219973635150
Rigidbody:
  m_ObjectHideFlags: 0
  m_CorrespondingSourceObject: {fileID: 0}
  m_PrefabInstance: {fileID: 0}
  m_PrefabAsset: {fileID: 0}
  m_GameObject: {fileID: 5279928219973635151}
  serializedVersion: 2
  m_Mass: 5
  m_Drag: 0
  m_AngularDrag: 0.05
  m_UseGravity: 1
  m_IsKinematic: 0
  m_Interpolate: 1
  m_Constraints: 112
  m_CollisionDetection: 2
--- !u!114 &5279928219973635153
MonoBehaviour:
  m_ObjectHideFlags: 0
  m_CorrespondingSourceObject: {fileID: 0}
  m_PrefabInstance: {fileID: 0}
  m_PrefabAsset: {fileID: 0}
  m_GameObject: {fileID: 5279928219973635151}
  m_Enabled: 1
  m_EditorHideFlags: 0
  m_Script: {fileID: 11500000, guid: 55960fa502e8f0f43992825224656dc4, type: 3}
  m_Name: 
  m_EditorClassIdentifier: 
  mainCamera: {fileID: 0}
  MaxHealth: 100
  Health: 100
  speed: 5
  jumpHeight: 2
  gravity: 9.8
  gun: {fileID: 5279928219700822294}
  maxGranades: 6
  granades: 0
  granadeText: {fileID: 0}
  granadePrefab: {fileID: 902005436454286322, guid: f1145be59a33f4e46a12d788bc960f67,
    type: 3}
  GranadePoint: {fileID: 1900408339}
  GranadeThrowPower: 10
  healthSlider: {fileID: 0}
  scoreText: {fileID: 0}
  pauseMenuOpened: 0
  pauseMenu: {fileID: 0}
  gameOverMenu: {fileID: 0}
--- !u!136 &5279928219973635149
CapsuleCollider:
  m_ObjectHideFlags: 0
  m_CorrespondingSourceObject: {fileID: 0}
  m_PrefabInstance: {fileID: 0}
  m_PrefabAsset: {fileID: 0}
  m_GameObject: {fileID: 5279928219973635151}
  m_Material: {fileID: 0}
  m_IsTrigger: 0
  m_Enabled: 1
  m_Radius: 0.68
  m_Height: 2
  m_Direction: 1
  m_Center: {x: 0, y: 0, z: 0}
--- !u!114 &282613855
MonoBehaviour:
  m_ObjectHideFlags: 0
  m_CorrespondingSourceObject: {fileID: 0}
  m_PrefabInstance: {fileID: 0}
  m_PrefabAsset: {fileID: 0}
  m_GameObject: {fileID: 5279928219973635151}
  m_Enabled: 1
  m_EditorHideFlags: 0
  m_Script: {fileID: 11500000, guid: 3da47b1fc0d9e9d41ab6c338c89e0136, type: 3}
  m_Name: 
  m_EditorClassIdentifier: 
  ImageMask: {fileID: 0}
  PowerUpSlider: {fileID: 0}
  maxPowerEnergy: 20
--- !u!1001 &2985006962511370716
PrefabInstance:
  m_ObjectHideFlags: 0
  serializedVersion: 2
  m_Modification:
    m_TransformParent: {fileID: 5279928219973635154}
    m_Modifications:
    - target: {fileID: 6929617856517825269, guid: d3987a8b98202b34a97999166a9d695e,
        type: 3}
      propertyPath: m_Name
      value: Rain_Particle
      objectReference: {fileID: 0}
    - target: {fileID: 6929617856517825266, guid: d3987a8b98202b34a97999166a9d695e,
        type: 3}
      propertyPath: m_LocalPosition.x
      value: 0
      objectReference: {fileID: 0}
    - target: {fileID: 6929617856517825266, guid: d3987a8b98202b34a97999166a9d695e,
        type: 3}
      propertyPath: m_LocalPosition.y
      value: 30
      objectReference: {fileID: 0}
    - target: {fileID: 6929617856517825266, guid: d3987a8b98202b34a97999166a9d695e,
        type: 3}
      propertyPath: m_LocalPosition.z
      value: 0
      objectReference: {fileID: 0}
    - target: {fileID: 6929617856517825266, guid: d3987a8b98202b34a97999166a9d695e,
        type: 3}
      propertyPath: m_LocalRotation.x
      value: -0.7071068
      objectReference: {fileID: 0}
    - target: {fileID: 6929617856517825266, guid: d3987a8b98202b34a97999166a9d695e,
        type: 3}
      propertyPath: m_LocalRotation.y
      value: -0
      objectReference: {fileID: 0}
    - target: {fileID: 6929617856517825266, guid: d3987a8b98202b34a97999166a9d695e,
        type: 3}
      propertyPath: m_LocalRotation.z
      value: -0
      objectReference: {fileID: 0}
    - target: {fileID: 6929617856517825266, guid: d3987a8b98202b34a97999166a9d695e,
        type: 3}
      propertyPath: m_LocalRotation.w
      value: 0.7071068
      objectReference: {fileID: 0}
    - target: {fileID: 6929617856517825266, guid: d3987a8b98202b34a97999166a9d695e,
        type: 3}
      propertyPath: m_RootOrder
      value: 2
      objectReference: {fileID: 0}
    - target: {fileID: 6929617856517825266, guid: d3987a8b98202b34a97999166a9d695e,
        type: 3}
      propertyPath: m_LocalEulerAnglesHint.x
      value: -90
      objectReference: {fileID: 0}
    - target: {fileID: 6929617856517825266, guid: d3987a8b98202b34a97999166a9d695e,
        type: 3}
      propertyPath: m_LocalEulerAnglesHint.y
      value: 0
      objectReference: {fileID: 0}
    - target: {fileID: 6929617856517825266, guid: d3987a8b98202b34a97999166a9d695e,
        type: 3}
      propertyPath: m_LocalEulerAnglesHint.z
      value: 0
      objectReference: {fileID: 0}
    - target: {fileID: 6929617856517825266, guid: d3987a8b98202b34a97999166a9d695e,
        type: 3}
      propertyPath: m_LocalScale.z
      value: 1.4492759
      objectReference: {fileID: 0}
    - target: {fileID: 6929617856517825266, guid: d3987a8b98202b34a97999166a9d695e,
        type: 3}
      propertyPath: m_LocalScale.x
      value: 1
      objectReference: {fileID: 0}
    - target: {fileID: 6929617856517825266, guid: d3987a8b98202b34a97999166a9d695e,
        type: 3}
      propertyPath: m_LocalScale.y
      value: 1
      objectReference: {fileID: 0}
    - target: {fileID: 6929617856517825267, guid: d3987a8b98202b34a97999166a9d695e,
        type: 3}
      propertyPath: SubModule.subEmitters.Array.data[0].emitter
      value: 
      objectReference: {fileID: 5279928218499162150}
    - target: {fileID: 6929617856517825267, guid: d3987a8b98202b34a97999166a9d695e,
        type: 3}
      propertyPath: SubModule.subEmitters.Array.data[0].properties
      value: 1
      objectReference: {fileID: 0}
    - target: {fileID: 7776760333951423403, guid: d3987a8b98202b34a97999166a9d695e,
        type: 3}
      propertyPath: m_IsTrigger
      value: 1
      objectReference: {fileID: 0}
    - target: {fileID: 7776760333951423403, guid: d3987a8b98202b34a97999166a9d695e,
        type: 3}
      propertyPath: m_Size.y
      value: 0.20992833
      objectReference: {fileID: 0}
    - target: {fileID: 7776760333951423403, guid: d3987a8b98202b34a97999166a9d695e,
        type: 3}
      propertyPath: m_Center.y
      value: -29.604963
      objectReference: {fileID: 0}
    - target: {fileID: 7776760333951423403, guid: d3987a8b98202b34a97999166a9d695e,
        type: 3}
      propertyPath: m_Center.z
      value: 0.00000032176933
      objectReference: {fileID: 0}
    m_RemovedComponents: []
  m_SourcePrefab: {fileID: 100100000, guid: d3987a8b98202b34a97999166a9d695e, type: 3}
--- !u!4 &5279928218956872494 stripped
Transform:
  m_CorrespondingSourceObject: {fileID: 6929617856517825266, guid: d3987a8b98202b34a97999166a9d695e,
    type: 3}
  m_PrefabInstance: {fileID: 2985006962511370716}
  m_PrefabAsset: {fileID: 0}
--- !u!1001 &5991951065878564550
PrefabInstance:
  m_ObjectHideFlags: 0
  serializedVersion: 2
  m_Modification:
    m_TransformParent: {fileID: 5279928219973635154}
    m_Modifications:
    - target: {fileID: 1901008337233973205, guid: 18b1265840d4f9d4898b72c4b1569315,
        type: 3}
      propertyPath: m_Name
      value: Ginklas
      objectReference: {fileID: 0}
    - target: {fileID: 1901008337233973204, guid: 18b1265840d4f9d4898b72c4b1569315,
        type: 3}
      propertyPath: m_LocalPosition.x
      value: 0
      objectReference: {fileID: 0}
    - target: {fileID: 1901008337233973204, guid: 18b1265840d4f9d4898b72c4b1569315,
        type: 3}
      propertyPath: m_LocalPosition.y
      value: 0
      objectReference: {fileID: 0}
    - target: {fileID: 1901008337233973204, guid: 18b1265840d4f9d4898b72c4b1569315,
        type: 3}
      propertyPath: m_LocalPosition.z
      value: 0.15600002
      objectReference: {fileID: 0}
    - target: {fileID: 1901008337233973204, guid: 18b1265840d4f9d4898b72c4b1569315,
        type: 3}
      propertyPath: m_LocalRotation.x
      value: -0
      objectReference: {fileID: 0}
    - target: {fileID: 1901008337233973204, guid: 18b1265840d4f9d4898b72c4b1569315,
        type: 3}
      propertyPath: m_LocalRotation.y
      value: -0
      objectReference: {fileID: 0}
    - target: {fileID: 1901008337233973204, guid: 18b1265840d4f9d4898b72c4b1569315,
        type: 3}
      propertyPath: m_LocalRotation.z
      value: -0
      objectReference: {fileID: 0}
    - target: {fileID: 1901008337233973204, guid: 18b1265840d4f9d4898b72c4b1569315,
        type: 3}
      propertyPath: m_LocalRotation.w
      value: 1
      objectReference: {fileID: 0}
    - target: {fileID: 1901008337233973204, guid: 18b1265840d4f9d4898b72c4b1569315,
        type: 3}
      propertyPath: m_RootOrder
      value: 0
      objectReference: {fileID: 0}
    - target: {fileID: 1901008337233973204, guid: 18b1265840d4f9d4898b72c4b1569315,
        type: 3}
      propertyPath: m_LocalEulerAnglesHint.x
      value: 0
      objectReference: {fileID: 0}
    - target: {fileID: 1901008337233973204, guid: 18b1265840d4f9d4898b72c4b1569315,
        type: 3}
      propertyPath: m_LocalEulerAnglesHint.y
      value: 0
      objectReference: {fileID: 0}
    - target: {fileID: 1901008337233973204, guid: 18b1265840d4f9d4898b72c4b1569315,
        type: 3}
      propertyPath: m_LocalEulerAnglesHint.z
      value: 0
      objectReference: {fileID: 0}
    - target: {fileID: 1901008337233973204, guid: 18b1265840d4f9d4898b72c4b1569315,
        type: 3}
      propertyPath: m_LocalScale.x
      value: 0.40212998
      objectReference: {fileID: 0}
    - target: {fileID: 1901008337233973204, guid: 18b1265840d4f9d4898b72c4b1569315,
        type: 3}
      propertyPath: m_LocalScale.y
      value: 0.4395998
      objectReference: {fileID: 0}
    - target: {fileID: 1901008337233973204, guid: 18b1265840d4f9d4898b72c4b1569315,
        type: 3}
      propertyPath: m_LocalScale.z
      value: 0.9573472
      objectReference: {fileID: 0}
    - target: {fileID: 1901008337233973200, guid: 18b1265840d4f9d4898b72c4b1569315,
        type: 3}
      propertyPath: ammoSprite.Array.size
      value: 2
      objectReference: {fileID: 0}
    - target: {fileID: 1901008337233973200, guid: 18b1265840d4f9d4898b72c4b1569315,
        type: 3}
      propertyPath: bulletPrefabs.Array.size
      value: 2
      objectReference: {fileID: 0}
    - target: {fileID: 1901008337233973200, guid: 18b1265840d4f9d4898b72c4b1569315,
        type: 3}
      propertyPath: maxMagazine.Array.size
      value: 2
      objectReference: {fileID: 0}
    - target: {fileID: 1901008337233973200, guid: 18b1265840d4f9d4898b72c4b1569315,
        type: 3}
      propertyPath: maxAmmo.Array.size
      value: 2
      objectReference: {fileID: 0}
    - target: {fileID: 1901008337233973200, guid: 18b1265840d4f9d4898b72c4b1569315,
        type: 3}
      propertyPath: GunPoint.Array.size
      value: 7
      objectReference: {fileID: 0}
    - target: {fileID: 1901008337233973200, guid: 18b1265840d4f9d4898b72c4b1569315,
        type: 3}
      propertyPath: isPlayer
      value: 1
      objectReference: {fileID: 0}
    - target: {fileID: 1901008337233973200, guid: 18b1265840d4f9d4898b72c4b1569315,
        type: 3}
      propertyPath: gunType
      value: 1
      objectReference: {fileID: 0}
    - target: {fileID: 1901008337233973200, guid: 18b1265840d4f9d4898b72c4b1569315,
        type: 3}
      propertyPath: ammoSprite.Array.data[0]
      value: 
      objectReference: {fileID: 21300000, guid: 7e66058bb657a21489a4374379e2a301,
        type: 3}
    - target: {fileID: 1901008337233973200, guid: 18b1265840d4f9d4898b72c4b1569315,
        type: 3}
      propertyPath: ammoSprite.Array.data[1]
      value: 
      objectReference: {fileID: 21300000, guid: 8e46c8a697065284bb5b7cfadf8db191,
        type: 3}
    - target: {fileID: 1901008337233973200, guid: 18b1265840d4f9d4898b72c4b1569315,
        type: 3}
      propertyPath: bulletPrefabs.Array.data[0]
      value: 
      objectReference: {fileID: 7873952825473947259, guid: ff8caac840f93c042aff4fafb0641c06,
        type: 3}
    - target: {fileID: 1901008337233973200, guid: 18b1265840d4f9d4898b72c4b1569315,
        type: 3}
      propertyPath: bulletPrefabs.Array.data[1]
      value: 
      objectReference: {fileID: 7873952825473947259, guid: 2ee64d7525f62c2498f61bc41ffd8326,
        type: 3}
    - target: {fileID: 1901008337233973200, guid: 18b1265840d4f9d4898b72c4b1569315,
        type: 3}
      propertyPath: maxMagazine.Array.data[0]
      value: 12
      objectReference: {fileID: 0}
    - target: {fileID: 1901008337233973200, guid: 18b1265840d4f9d4898b72c4b1569315,
        type: 3}
      propertyPath: maxMagazine.Array.data[1]
      value: 6
      objectReference: {fileID: 0}
    - target: {fileID: 1901008337233973200, guid: 18b1265840d4f9d4898b72c4b1569315,
        type: 3}
      propertyPath: maxAmmo.Array.data[0]
      value: 120
      objectReference: {fileID: 0}
    - target: {fileID: 1901008337233973200, guid: 18b1265840d4f9d4898b72c4b1569315,
        type: 3}
      propertyPath: maxAmmo.Array.data[1]
      value: 60
      objectReference: {fileID: 0}
    - target: {fileID: 1901008337233973200, guid: 18b1265840d4f9d4898b72c4b1569315,
        type: 3}
      propertyPath: shootSound
      value: 
      objectReference: {fileID: 8300000, guid: de2e61a9aadebe04083e7b1846acc62f, type: 3}
    - target: {fileID: 1901008337233973200, guid: 18b1265840d4f9d4898b72c4b1569315,
        type: 3}
      propertyPath: reloadSound
      value: 
      objectReference: {fileID: 8300000, guid: 4f6181b5c5c48f648af258149d4ab135, type: 3}
    - target: {fileID: 1901008337233973200, guid: 18b1265840d4f9d4898b72c4b1569315,
        type: 3}
      propertyPath: noAmmoSound
      value: 
      objectReference: {fileID: 8300000, guid: 1effdc7e88f8b804981951360e5a0996, type: 3}
    - target: {fileID: 1901008337233973200, guid: 18b1265840d4f9d4898b72c4b1569315,
        type: 3}
      propertyPath: GunPoint.Array.data[3]
      value: 
      objectReference: {fileID: 6075704916291042091}
    - target: {fileID: 1901008337233973200, guid: 18b1265840d4f9d4898b72c4b1569315,
        type: 3}
      propertyPath: GunPoint.Array.data[4]
      value: 
      objectReference: {fileID: 1345639308448258090}
    - target: {fileID: 1901008337233973200, guid: 18b1265840d4f9d4898b72c4b1569315,
        type: 3}
      propertyPath: GunPoint.Array.data[5]
      value: 
      objectReference: {fileID: 1198585456910171859}
    - target: {fileID: 1901008337233973200, guid: 18b1265840d4f9d4898b72c4b1569315,
        type: 3}
      propertyPath: GunPoint.Array.data[6]
      value: 
      objectReference: {fileID: 1229252658509311030}
    - target: {fileID: 1901008337233973200, guid: 18b1265840d4f9d4898b72c4b1569315,
        type: 3}
      propertyPath: soundPrefab
      value: 
      objectReference: {fileID: 5005814227418599635, guid: b298b916602bcb5449fddb018018003e,
        type: 3}
    m_RemovedComponents: []
  m_SourcePrefab: {fileID: 100100000, guid: 18b1265840d4f9d4898b72c4b1569315, type: 3}
--- !u!4 &5279928219700822290 stripped
Transform:
  m_CorrespondingSourceObject: {fileID: 1901008337233973204, guid: 18b1265840d4f9d4898b72c4b1569315,
    type: 3}
  m_PrefabInstance: {fileID: 5991951065878564550}
  m_PrefabAsset: {fileID: 0}
--- !u!114 &5279928219700822294 stripped
MonoBehaviour:
  m_CorrespondingSourceObject: {fileID: 1901008337233973200, guid: 18b1265840d4f9d4898b72c4b1569315,
    type: 3}
  m_PrefabInstance: {fileID: 5991951065878564550}
  m_PrefabAsset: {fileID: 0}
  m_GameObject: {fileID: 0}
  m_Enabled: 1
  m_EditorHideFlags: 0
  m_Script: {fileID: 11500000, guid: 7632d61314b7bb8428219ab10c72f3ff, type: 3}
  m_Name: 
  m_EditorClassIdentifier: 
--- !u!4 &6075704916291042091 stripped
Transform:
  m_CorrespondingSourceObject: {fileID: 537778632511731181, guid: 18b1265840d4f9d4898b72c4b1569315,
    type: 3}
  m_PrefabInstance: {fileID: 5991951065878564550}
  m_PrefabAsset: {fileID: 0}
--- !u!4 &1345639308448258090 stripped
Transform:
  m_CorrespondingSourceObject: {fileID: 4722873501079000812, guid: 18b1265840d4f9d4898b72c4b1569315,
    type: 3}
  m_PrefabInstance: {fileID: 5991951065878564550}
  m_PrefabAsset: {fileID: 0}
--- !u!4 &1198585456910171859 stripped
Transform:
  m_CorrespondingSourceObject: {fileID: 4865458387378466837, guid: 18b1265840d4f9d4898b72c4b1569315,
    type: 3}
  m_PrefabInstance: {fileID: 5991951065878564550}
  m_PrefabAsset: {fileID: 0}
--- !u!4 &1229252658509311030 stripped
Transform:
  m_CorrespondingSourceObject: {fileID: 4767202561601168112, guid: 18b1265840d4f9d4898b72c4b1569315,
    type: 3}
  m_PrefabInstance: {fileID: 5991951065878564550}
  m_PrefabAsset: {fileID: 0}
--- !u!1001 &6702094084623450061
PrefabInstance:
  m_ObjectHideFlags: 0
  serializedVersion: 2
  m_Modification:
    m_TransformParent: {fileID: 5279928218956872494}
    m_Modifications:
    - target: {fileID: 1460447974853058541, guid: cae866b48ea4d4a4197f7356f67bf701,
        type: 3}
      propertyPath: m_Name
      value: Rain_Splash
      objectReference: {fileID: 0}
    - target: {fileID: 1460447974853058536, guid: cae866b48ea4d4a4197f7356f67bf701,
        type: 3}
      propertyPath: m_LocalPosition.x
      value: 0
      objectReference: {fileID: 0}
    - target: {fileID: 1460447974853058536, guid: cae866b48ea4d4a4197f7356f67bf701,
        type: 3}
      propertyPath: m_LocalPosition.y
      value: 0
      objectReference: {fileID: 0}
    - target: {fileID: 1460447974853058536, guid: cae866b48ea4d4a4197f7356f67bf701,
        type: 3}
      propertyPath: m_LocalPosition.z
      value: 0
      objectReference: {fileID: 0}
    - target: {fileID: 1460447974853058536, guid: cae866b48ea4d4a4197f7356f67bf701,
        type: 3}
      propertyPath: m_LocalRotation.x
      value: 0
      objectReference: {fileID: 0}
    - target: {fileID: 1460447974853058536, guid: cae866b48ea4d4a4197f7356f67bf701,
        type: 3}
      propertyPath: m_LocalRotation.y
      value: 0
      objectReference: {fileID: 0}
    - target: {fileID: 1460447974853058536, guid: cae866b48ea4d4a4197f7356f67bf701,
        type: 3}
      propertyPath: m_LocalRotation.z
      value: 0
      objectReference: {fileID: 0}
    - target: {fileID: 1460447974853058536, guid: cae866b48ea4d4a4197f7356f67bf701,
        type: 3}
      propertyPath: m_LocalRotation.w
      value: 1
      objectReference: {fileID: 0}
    - target: {fileID: 1460447974853058536, guid: cae866b48ea4d4a4197f7356f67bf701,
        type: 3}
      propertyPath: m_RootOrder
      value: 1
      objectReference: {fileID: 0}
    - target: {fileID: 1460447974853058536, guid: cae866b48ea4d4a4197f7356f67bf701,
        type: 3}
      propertyPath: m_LocalEulerAnglesHint.x
      value: 0
      objectReference: {fileID: 0}
    - target: {fileID: 1460447974853058536, guid: cae866b48ea4d4a4197f7356f67bf701,
        type: 3}
      propertyPath: m_LocalEulerAnglesHint.y
      value: 0
      objectReference: {fileID: 0}
    - target: {fileID: 1460447974853058536, guid: cae866b48ea4d4a4197f7356f67bf701,
        type: 3}
      propertyPath: m_LocalEulerAnglesHint.z
      value: 0
      objectReference: {fileID: 0}
    - target: {fileID: 1460447974853058539, guid: cae866b48ea4d4a4197f7356f67bf701,
        type: 3}
      propertyPath: lengthInSec
      value: 0.3
      objectReference: {fileID: 0}
    - target: {fileID: 1460447974853058539, guid: cae866b48ea4d4a4197f7356f67bf701,
        type: 3}
      propertyPath: moveWithTransform
      value: 1
      objectReference: {fileID: 0}
    - target: {fileID: 1460447974853058539, guid: cae866b48ea4d4a4197f7356f67bf701,
        type: 3}
      propertyPath: InitialModule.startLifetime.scalar
      value: 0.3
      objectReference: {fileID: 0}
    - target: {fileID: 1460447974853058539, guid: cae866b48ea4d4a4197f7356f67bf701,
        type: 3}
      propertyPath: InitialModule.startSize.scalar
      value: 0.15
      objectReference: {fileID: 0}
    - target: {fileID: 1460447974853058539, guid: cae866b48ea4d4a4197f7356f67bf701,
        type: 3}
      propertyPath: InitialModule.gravityModifier.scalar
      value: 2
      objectReference: {fileID: 0}
    - target: {fileID: 1460447974853058539, guid: cae866b48ea4d4a4197f7356f67bf701,
        type: 3}
      propertyPath: ColorModule.gradient.maxGradient.atime1
      value: 9445
      objectReference: {fileID: 0}
    - target: {fileID: 1460447974853058539, guid: cae866b48ea4d4a4197f7356f67bf701,
        type: 3}
      propertyPath: CollisionModule.enabled
      value: 1
      objectReference: {fileID: 0}
    - target: {fileID: 1460447974853058539, guid: cae866b48ea4d4a4197f7356f67bf701,
        type: 3}
      propertyPath: CollisionModule.type
      value: 1
      objectReference: {fileID: 0}
    - target: {fileID: 1460447974853058539, guid: cae866b48ea4d4a4197f7356f67bf701,
        type: 3}
      propertyPath: CollisionModule.m_Dampen.scalar
      value: 0.8
      objectReference: {fileID: 0}
    - target: {fileID: 1460447974853058539, guid: cae866b48ea4d4a4197f7356f67bf701,
        type: 3}
      propertyPath: CollisionModule.m_Bounce.scalar
      value: 0.5
      objectReference: {fileID: 0}
    - target: {fileID: 1460447974853058539, guid: cae866b48ea4d4a4197f7356f67bf701,
        type: 3}
      propertyPath: CollisionModule.quality
      value: 2
      objectReference: {fileID: 0}
    m_RemovedComponents: []
  m_SourcePrefab: {fileID: 100100000, guid: cae866b48ea4d4a4197f7356f67bf701, type: 3}
--- !u!198 &5279928218499162150 stripped
ParticleSystem:
  m_CorrespondingSourceObject: {fileID: 1460447974853058539, guid: cae866b48ea4d4a4197f7356f67bf701,
    type: 3}
  m_PrefabInstance: {fileID: 6702094084623450061}
  m_PrefabAsset: {fileID: 0}
