%YAML 1.1
%TAG !u! tag:unity3d.com,2011:
--- !u!1 &752419137235411162
GameObject:
  m_ObjectHideFlags: 0
  m_CorrespondingSourceObject: {fileID: 0}
  m_PrefabInstance: {fileID: 0}
  m_PrefabAsset: {fileID: 0}
  serializedVersion: 6
  m_Component:
  - component: {fileID: 633549261410774966}
  - component: {fileID: 5900344622273892218}
  - component: {fileID: 8150543812241390051}
  - component: {fileID: 3324988373643927470}
  - component: {fileID: 5862618855702107851}
  m_Layer: 0
  m_Name: Tree1
  m_TagString: Untagged
  m_Icon: {fileID: 0}
  m_NavMeshLayer: 0
  m_StaticEditorFlags: 4294967295
  m_IsActive: 1
--- !u!4 &633549261410774966
Transform:
  m_ObjectHideFlags: 0
  m_CorrespondingSourceObject: {fileID: 0}
  m_PrefabInstance: {fileID: 0}
  m_PrefabAsset: {fileID: 0}
  m_GameObject: {fileID: 752419137235411162}
  m_LocalRotation: {x: -0, y: 0.0024858892, z: -0, w: 0.99999696}
  m_LocalPosition: {x: 68.53853, y: 0.11100006, z: -94.53894}
  m_LocalScale: {x: 1, y: 1, z: 1}
  m_Children: []
  m_Father: {fileID: 0}
  m_RootOrder: 0
  m_LocalEulerAnglesHint: {x: 0, y: 0.28500003, z: 0}
--- !u!193 &5900344622273892218
Tree:
  m_ObjectHideFlags: 0
  m_CorrespondingSourceObject: {fileID: 0}
  m_PrefabInstance: {fileID: 0}
  m_PrefabAsset: {fileID: 0}
  m_GameObject: {fileID: 752419137235411162}
  m_SpeedTreeWindAsset: {fileID: 0}
  m_TreeData: {fileID: 114736432409778774, guid: 0b95f7dd2ea8bdd4d98ba8faf8e448e8,
    type: 3}
--- !u!33 &8150543812241390051
MeshFilter:
  m_ObjectHideFlags: 0
  m_CorrespondingSourceObject: {fileID: 0}
  m_PrefabInstance: {fileID: 0}
  m_PrefabAsset: {fileID: 0}
  m_GameObject: {fileID: 752419137235411162}
  m_Mesh: {fileID: 43401346579972996, guid: 0b95f7dd2ea8bdd4d98ba8faf8e448e8, type: 3}
--- !u!23 &3324988373643927470
MeshRenderer:
  m_ObjectHideFlags: 0
  m_CorrespondingSourceObject: {fileID: 0}
  m_PrefabInstance: {fileID: 0}
  m_PrefabAsset: {fileID: 0}
  m_GameObject: {fileID: 752419137235411162}
  m_Enabled: 1
  m_CastShadows: 1
  m_ReceiveShadows: 1
  m_DynamicOccludee: 1
  m_MotionVectors: 1
  m_LightProbeUsage: 1
  m_ReflectionProbeUsage: 1
  m_RenderingLayerMask: 1
  m_RendererPriority: 0
  m_Materials:
  - {fileID: 21134769878076050, guid: 0b95f7dd2ea8bdd4d98ba8faf8e448e8, type: 3}
  - {fileID: 21554656367446492, guid: 0b95f7dd2ea8bdd4d98ba8faf8e448e8, type: 3}
  m_StaticBatchInfo:
    firstSubMesh: 0
    subMeshCount: 0
  m_StaticBatchRoot: {fileID: 0}
  m_ProbeAnchor: {fileID: 0}
  m_LightProbeVolumeOverride: {fileID: 0}
  m_ScaleInLightmap: 1
  m_PreserveUVs: 0
  m_IgnoreNormalsForChartDetection: 0
  m_ImportantGI: 0
  m_StitchLightmapSeams: 0
  m_SelectedEditorRenderState: 3
  m_MinimumChartSize: 4
  m_AutoUVMaxDistance: 0.5
  m_AutoUVMaxAngle: 89
  m_LightmapParameters: {fileID: 0}
  m_SortingLayerID: 0
  m_SortingLayer: 0
  m_SortingOrder: 0
--- !u!136 &5862618855702107851
CapsuleCollider:
  m_ObjectHideFlags: 0
  m_CorrespondingSourceObject: {fileID: 0}
  m_PrefabInstance: {fileID: 0}
  m_PrefabAsset: {fileID: 0}
  m_GameObject: {fileID: 752419137235411162}
  m_Material: {fileID: 0}
  m_IsTrigger: 0
  m_Enabled: 1
  m_Radius: 0.5
  m_Height: 10.7221575
  m_Direction: 1
  m_Center: {x: 0.03, y: 5.43, z: -0.09}
